<record><leader>00000cas a22000007a 4500</leader><controlfield tag="001">29789036</controlfield><controlfield tag="008">940211d18941918okuwr ne      0    0eng d</controlfield><datafield ind1=" " ind2=" " tag="010"><subfield code="a">sn 94058742 </subfield></datafield><datafield ind1=" " ind2=" " tag="040"><subfield code="a">OBN</subfield><subfield code="b">eng</subfield><subfield code="c">OBN</subfield><subfield code="d">OCL</subfield><subfield code="d">OCLCQ</subfield><subfield code="d">OCLCO</subfield></datafield><datafield ind1="1" ind2=" " tag="029"><subfield code="a">AU@</subfield><subfield code="b">000010884865</subfield></datafield><datafield ind1=" " ind2=" " tag="042"><subfield code="a">msc</subfield></datafield><datafield ind1=" " ind2=" " tag="043"><subfield code="a">n-us-ok</subfield></datafield><datafield ind1="0" ind2=" " tag="130"><subfield code="a">Times-democrat (Pawnee, Okla.)</subfield></datafield><datafield ind1="1" ind2="4" tag="245"><subfield code="a">The Times-democrat.</subfield></datafield><datafield ind1=" " ind2=" " tag="260"><subfield code="a">Pawnee, O.T. [Okla.] :</subfield><subfield code="b">J.G. Cash</subfield></datafield><datafield ind1=" " ind2=" " tag="300"><subfield code="a">v.</subfield></datafield><datafield ind1=" " ind2=" " tag="310"><subfield code="a">Weekly</subfield></datafield><datafield ind1="0" ind2=" " tag="362"><subfield code="a">Vol. 1, no. 20 (Apr. 20, 1894)-v. 27, no. 7 (Sept. 26, 1918).</subfield></datafield><datafield ind1=" " ind2="0" tag="651"><subfield code="a">Pawnee (Okla.)</subfield><subfield code="v">Newspapers.</subfield></datafield><datafield ind1=" " ind2="0" tag="651"><subfield code="a">Pawnee County (Okla.)</subfield><subfield code="v">Newspapers.</subfield></datafield><datafield ind1=" " ind2="0" tag="651"><subfield code="a">Oklahoma Territory (Okla.)</subfield><subfield code="v">Newspapers.</subfield></datafield><datafield ind1=" " ind2=" " tag="752"><subfield code="a">United States</subfield><subfield code="b">Oklahoma</subfield><subfield code="c">Pawnee</subfield><subfield code="d">Pawnee.</subfield></datafield><datafield ind1="0" ind2="0" tag="780"><subfield code="t">Pawnee times-democrat</subfield><subfield code="w">(DLC)sn 94058741</subfield><subfield code="w">(OCoLC)29788884</subfield></datafield><datafield ind1="0" ind2="7" tag="780"><subfield code="t">Pawnee courier-dispatch (Pawnee, Okla. : 1903)</subfield><subfield code="w">(DLC)sn 94058745</subfield><subfield code="w">(OCoLC)29789881</subfield></datafield><datafield ind1="0" ind2="7" tag="780"><subfield code="t">Pawnee courier-dispatch and times-democrat</subfield><subfield code="w">(DLC)sn 86064136</subfield><subfield code="w">(OCoLC)13646212</subfield></datafield></record>